

@article{Eisenbach2017,
	Author = {Markus Eisenbach and Jeff Larkin and Justin Lutjens and Steven Rennich and James H. Rogers},
	Doi = {http://dx.doi.org/10.1016/j.cpc.2016.07.013},
	Issn = {0010-4655},
	Journal = {Computer Physics Communications},
	Pages = {2--7},
	Title = {{GPU} acceleration of the locally selfconsistent multiple scattering code for first principles calculation of the ground state and statistical physics of materials},
	Url = {http://www.sciencedirect.com/science/article/pii/S0010465516301953},
	Volume = {211},
	Year = {2017}}


@article{Wang1995,
	Author = {Yang Wang and G. Malcolm Stocks and W. A. Shelton and D. M. C. Nicholson and W. M. Temmerman and Z. Szotek},
	Journal = {Phys. Rev. Lett.},
	Keywords = {LSMS},
	Pages = {2867},
	Title = {Order-{N} Multiple Scattering Approach to Electronic Structure Calculations},
	Volume = {75},
	Year = {1995}}


@article{Liu2016,
	Author = {Xianglin Liu and Yang Wang and Markus Eisenbach and G Malcolm Stocks},
	Journal = {Journal of Physics: Condensed Matter},
	Number = {35},
	Pages = {355501},
	Title = {A full-potential approach to the relativistic single-site {Green's} function},
	Volume = {28},
	Year = {2016}}


@article{Liu2018,
	Author = {Xianglin Liu and Yang Wang and Markus Eisenbach and G. Malcolm Stocks},
	Journal = {Computer Physics Communications},
	Pages = {265-272},
	Title = {Fully-relativistic full-potential multiple scattering theory: A pathology-free scheme},
	Volume = {224},
	Year = {2018}}

